@book{lpe,
 author = {D.L. Marston},
 title = {Law for Professional Engineers (Fourth Edition)},
 year = {2008},
 publisher = {McGraw-Hill}
}

@book{lba,
 author = {J. E. Smyth and D. A. Soberman},
 title = {The Law and Business Administration in Canada (Third Edition)},
 year = {1976},
 publisher = {Prentice-Hall}
}

@misc{dwh,
 author = {Douglas W. Harder},
 title = {{ECE 290 Lecture Materials}},
 year = {2013},
 url = {ece.uwaterloo.ca/~dwharder/epel/Lecture_materials/},
 note = {Online; accessed 31-May-2016}
}

@misc{jv,
 author = {Julie Vale},
 title = {{ECE 290 Course Notes}},
 year = {2011}
}

@misc{just07,
 author = {Government of Canada Department of Justice},
 title = {{The Judicial Structure}},
 year = {2016},
 url = {http://justice.gc.ca/eng/csj-sjc/just/07.html},
 note = {Online; accessed 9-June-2016}
}


